
@article{blakeslee_weather_2018,
	title = {Weather shocks, agriculture, and crime evidence from India},
	volume = {53},
	pages = {750--782},
	number = {3},
	journaltitle = {Journal of Human Resources},
	author = {Blakeslee, David S. and Fishman, Ram},
	date = {2018},
	file = {Snapshot:C\:\\Users\\User\\Zotero\\storage\\HK5TLZAW\\750.html:text/html},
}

@article{cohn_weather_1990,
	title = {Weather and crime},
	volume = {30},
	pages = {51--64},
	number = {1},
	journaltitle = {The British Journal of Criminology},
	author = {Cohn, Ellen G.},
	date = {1990},
	file = {Full Text:C\:\\Users\\User\\Zotero\\storage\\RUD6CMCG\\Cohn - 1990 - Weather and crime.pdf:application/pdf;Snapshot:C\:\\Users\\User\\Zotero\\storage\\H9AP85SA\\523870.html:text/html},
}

@article{trujillo_effect_2021,
	title = {The effect of weather on crime in a torrid urban zone},
	volume = {53},
	pages = {69--90},
	number = {1},
	journaltitle = {Environment and Behavior},
	author = {Trujillo, Juan C. and Howley, Peter},
	date = {2021},
	file = {Full Text:C\:\\Users\\User\\Zotero\\storage\\TFZAEXJK\\Trujillo y Howley - 2021 - The effect of weather on crime in a torrid urban z.pdf:application/pdf;Snapshot:C\:\\Users\\User\\Zotero\\storage\\R9PXLYSF\\0013916519878213.html:text/html},
}

@article{schutte_influence_2018,
	title = {The influence of extreme weather conditions on the magnitude and spatial distribution of crime in Tshwane (2001â€“2006)},
	volume = {100},
	pages = {364--377},
	number = {3},
	journaltitle = {South African Geographical Journal},
	author = {Schutte, Francois H. and Breetzke, Gregory D.},
	date = {2018},
	file = {Full Text:C\:\\Users\\User\\Zotero\\storage\\Z9MLCCK4\\Schutte y Breetzke - 2018 - The influence of extreme weather conditions on the.pdf:application/pdf;Snapshot:C\:\\Users\\User\\Zotero\\storage\\I6FYALAA\\03736245.2018.html:text/html},
}

@article{field_effect_1992,
	title = {The effect of temperature on crime},
	volume = {32},
	pages = {340--351},
	number = {3},
	journaltitle = {The British Journal of Criminology},
	author = {Field, Simon},
	date = {1992},
	file = {Full Text:C\:\\Users\\User\\Zotero\\storage\\RDE5FEXP\\Field - 1992 - The effect of temperature on crime.pdf:application/pdf;Snapshot:C\:\\Users\\User\\Zotero\\storage\\NJXI9S3I\\319313.html:text/html},
}

@article{habibullah_effects_2017,
	title = {The effects of weather on crime rates in Malaysia},
	volume = {18},
	number = {2},
	journaltitle = {International Journal of Business and Society},
	author = {Habibullah, Muzafar Shah},
	date = {2017},
	file = {Full Text:C\:\\Users\\User\\Zotero\\storage\\JY7FQIH5\\482.html:text/html},
}

@book{wolfgang_crime_1964,
	title = {Crime and race: Conceptions and misconceptions},
	publisher = {American Jewish Committee, Institute of Human Relations Press},
	author = {Wolfgang, Marvin E. and Cohen, Bernard},
	date = {1964},
	file = {Snapshot:C\:\\Users\\User\\Zotero\\storage\\3V8UEMQS\\crime-and-race-conceptions-and-misconceptions.html:text/html},
}

@article{weitzer_race_2004,
	title = {Race and perceptions of police misconduct},
	volume = {51},
	pages = {305--325},
	number = {3},
	journaltitle = {Social Problems},
	author = {Weitzer, Ronald and Tuch, Steven A.},
	date = {2004},
	file = {Full Text:C\:\\Users\\User\\Zotero\\storage\\26NXBK58\\Weitzer y Tuch - 2004 - Race and perceptions of police misconduct.pdf:application/pdf;Snapshot:C\:\\Users\\User\\Zotero\\storage\\UMJGP49L\\1654447.html:text/html},
}

@article{steffensmeier_ethnicity_2000,
	title = {Ethnicity and sentencing outcomes in {US} federal courts: Who is punished more harshly?},
	pages = {705--729},
	journaltitle = {American Sociological Review},
	author = {Steffensmeier, Darrell and Demuth, Stephen},
	date = {2000},
	file = {Full Text:C\:\\Users\\User\\Zotero\\storage\\2FSG59NP\\Steffensmeier y Demuth - 2000 - Ethnicity and sentencing outcomes in US federal co.pdf:application/pdf;Snapshot:C\:\\Users\\User\\Zotero\\storage\\T7W6WUFR\\2657543.html:text/html},
}